
@Article{	  barzilai_two-point_1988,
  title		= {Two-Point Step Size Gradient Methods},
  volume	= {8},
  issn		= {0272-4979, 1464-3642},
  url		= {https://academic.oup.com/imajna/article-lookup/doi/10.1093/imanum/8.1.141},
  doi		= {10.1093/imanum/8.1.141},
  pages		= {141--148},
  number	= {1},
  journaltitle	= {{IMA} Journal of Numerical Analysis},
  shortjournal	= {{IMA} J Numer Anal},
  author	= {Barzilai, Jonathan and Borwein, Jonathan M.},
  urldate	= {2023-09-16},
  date		= {1988}
}

@Article{	  ao_analytical_2002,
  title		= {Analytical approximations in multiple scattering of
		  electromagnetic waves by aligned dielectric spheroids},
  volume	= {19},
  issn		= {1084-7529, 1520-8532},
  url		= {https://opg.optica.org/abstract.cfm?URI=josaa-19-6-1145},
  doi		= {10.1364/JOSAA.19.001145},
  pages		= {1145},
  number	= {6},
  journaltitle	= {Journal of the Optical Society of America A},
  shortjournal	= {J Opt Soc Am A},
  author	= {Ao, Chi O. and Kong, Jin A.},
  urldate	= {2023-11-14},
  date		= {2002-06-01}
}

@Article{	  gonzalez-alcalde_large_2020,
  title		= {Large angle-independent structural colors based on
		  all-dielectric random metasurfaces},
  volume	= {475},
  issn		= {00304018},
  url		= {https://linkinghub.elsevier.com/retrieve/pii/S0030401820307069},
  doi		= {10.1016/j.optcom.2020.126289},
  pages		= {126289},
  journaltitle	= {Optics Communications},
  shortjournal	= {Opt Commun},
  author	= {González-Alcalde, Alma K. and Reyes-Coronado, Alejandro},
  date		= {2020-11}
}

@Article{	  svedendahl_refractometric_2014,
  title		= {Refractometric biosensing based on optical phase flips in
		  sparse and short-range-ordered nanoplasmonic layers},
  volume	= {3},
  issn		= {2047-7538},
  url		= {http://www.nature.com/articles/lsa2014101},
  doi		= {10.1038/lsa.2014.101},
  pages		= {e220},
  number	= {11},
  journaltitle	= {Light: Science \& Applications},
  shortjournal	= {Light Sci Appl},
  author	= {Svedendahl, Mikael and Verre, Ruggero and Käll, Mikael},
  date		= {2014-11}
}

@InProceedings{	  cuanalo_sensitivity_2022,
  title		= {Sensitivity of random array of gold nano islands for
		  biosensing applications},
  author	= {Cuanalo-Fern{\'a}ndez, JP and Urrutia-Anguiano, JA and
		  Guerra-Hern{\'a}ndez, SF and Korneev, N. and
		  De-la-Mora-Mojica, MB and Reyes-Coronado, A. and
		  Cosme-Bola{\~n}os, I. and Mansurova, S. and
		  Ramos-Garc{\'\i}a, R.},
  booktitle	= {2022 International Conference Laser Optics (ICLO)},
  year		= {2022},
  organization	= {IEEE},
  doi		= {10.1109/ICLO54117.2022.9840207},
  pages		= {1-1}
}

@Article{	  qiu_dual_2020,
  title		= {Dual-Functional Plasmonic Photothermal Biosensors for
		  Highly Accurate Severe Acute Respiratory Syndrome
		  Coronavirus 2 Detection},
  volume	= {14},
  issn		= {1936-0851, 1936-086X},
  url		= {https://pubs.acs.org/doi/10.1021/acsnano.0c02439},
  doi		= {10.1021/acsnano.0c02439},
  pages		= {5268--5277},
  number	= {5},
  journaltitle	= {{ACS} Nano},
  shortjournal	= {{ACS} Nano},
  author	= {Qiu, Guangyu and Gai, Zhibo and Tao, Yile and Schmitt,
		  Jean and Kullak-Ublick, Gerd A. and Wang, Jing},
  date		= {2020-05-26}
}

@Article{	  kabashin_plasmonic_2009,
  title		= {Plasmonic nanorod metamaterials for biosensing},
  volume	= {8},
  issn		= {1476-1122, 1476-4660},
  url		= {http://www.nature.com/articles/nmat2546},
  doi		= {10.1038/nmat2546},
  pages		= {867--871},
  number	= {11},
  journaltitle	= {Nature Materials},
  shortjournal	= {Nat Mater},
  author	= {Kabashin, A. V. and Evans, P. and Pastkovsky, S. and
		  Hendren, W. and Wurtz, G. A. and Atkinson, R. and Pollard,
		  R. and Podolskiy, V. A. and Zayats, A. V.},
  date		= {2009-11}
}

@Article{	  vazquez-estrada_optical_2014,
  title		= {Optical reflectivity of a disordered monolayer of highly
		  scattering particles: coherent scattering model versus
		  experiment},
  volume	= {31},
  issn		= {1084-7529, 1520-8532},
  url		= {https://www.osapublishing.org/abstract.cfm?URI=josaa-31-4-745},
  doi		= {10.1364/JOSAA.31.000745},
  shorttitle	= {Optical reflectivity of a disordered monolayer of highly
		  scattering particles},
  pages		= {745},
  number	= {4},
  journaltitle	= {Journal of the Optical Society of America A},
  shortjournal	= {J Opt Soc Am A},
  author	= {Vázquez-Estrada, Omar and García-Valenzuela, Augusto},
  urldate	= {2021-03-25},
  date		= {2014-04-01}
}

@Article{	  garcia2012multiple,
  title		= {Multiple-scattering model for the coherent reflection and
		  transmission of light from a disordered monolayer of
		  particles},
  author	= {Garc{\'{i}}a-Valenzuela, Augusto and
		  Guti{\'{e}}rrez-Reyes, Edah{\'{i}} and Barrera, Rub{\'{e}}n G},
  journal	= {JOSA A},
  volume	= {29},
  number	= {6},
  pages		= {1161--1179},
  year		= {2012},
  doi		= {https://doi.org/10.1364/JOSAA.29.001161},
  publisher	= {Optical Society of America}
}
